@misc{DecouplingCap,
  title = {{Autodesk} What Are Decoupling Capacitors?},
  howpublished = {\url{https://www.autodesk.com/products/fusion-360/blog/what-are-decoupling-capacitors/}},
}

@misc{1N5818,
  title = {{Motorola} 1N5818 datasheet},
  howpublished = {\url{https://pdf1.alldatasheet.com/datasheet-pdf/view/2817/MOTOROLA/1N5818.html}},
}

@misc{FDD8896,
  title = {{Fairchild Semiconductor} FDD8896 datasheet},
  howpublished = {\url{https://pdf1.alldatasheet.com/datasheet-pdf/view/85382/FAIRCHILD/FDD8896.html}},
}

@misc{PCBTracewidth,
  title = {{Millenium Circuits Limited} PCB Trace width},
  howpublished = {\url{https://www.mclpcb.com/blog/pcb-trace-width-vs-current-table/  }},
}

@misc{FR4,
  title = {{Matweb} FR4 material properties},
  howpublished = {\url{https://www.matweb.com/search/DataSheet.aspx?MatGUID=3c5f252f235844fb9ffec6d1856ba0e3&ckck=1}},
}
