@misc{Ferry,
title = {{Autodesk} Quadcopter engineering master project}
howpublished ={\url{http://www.ritravvenlab.com/uploads/1/1/8/4/118484574/ferry.pdf}}
}

@misc{MotorConstants,
title = {{Autodesk} Wikipedia motor constants}
howpublished ={\url{https://en.wikipedia.org/wiki/Motor_constants}}
}
